@article{Serre1956,
     author = {Serre, Jean-Pierre},
     title = {G\'eom\'etrie alg\'ebrique et g\'eom\'etrie analytique},
     journal = {Annales de l'Institut Fourier},
     pages = {1--42},
     publisher = {Imprimerie Louis-Jean},
     address = {Gap},
     volume = {6},
     year = {1956},
     doi = {10.5802/aif.59},
     mrnumber = {18,511a},
     zbl = {0075.30401},
     language = {fr},
     url = {https://www.numdam.org/articles/10.5802/aif.59/}
}
@article{Yau1978,
  author       = {Shing-Tung Yau},
  title        = {On the Ricci curvature of a compact Kähler manifold and the complex Monge–Ampère equation. I},
  journal      = {Communications on Pure and Applied Mathematics},
  volume       = {31},
  number       = {3},
  pages        = {339--411},
  year         = {1978},
  doi          = {10.1002/cpa.3160310304},
  publisher    = {Wiley},
  issn         = {0010-3640}
}
@article{Aubin76,
 author = {Aubin, Thierry},
 title = {Equations du type {Monge}-{Amp{\`e}re} sur les vari{\'e}t{\'e}s k{\"a}hleriennes compactes},
 fjournal = {Comptes Rendus Hebdomadaires des S{\'e}ances de l'Acad{\'e}mie des Sciences, S{\'e}rie A},
 journal = {C. R. Acad. Sci., Paris, S{\'e}r. A},
 issn = {0366-6034},
 volume = {283},
 pages = {119--121},
 year = {1976},
 language = {French},
 keywords = {53C55,58H05,58J99},
 zbMATH = {3521160},
 Zbl = {0333.53040}
}
@article{Kodaira54,
 ISSN = {0003486X, 19398980},
 URL = {http://www.jstor.org/stable/1969701},
 author = {K. Kodaira},
 journal = {Annals of Mathematics},
 number = {1},
 pages = {28--48},
 publisher = {[Annals of Mathematics, Trustees of Princeton University on Behalf of the Annals of Mathematics, Mathematics Department, Princeton University]},
 title = {On Kähler Varieties of Restricted Type An Intrinsic Characterization of Algebraic Varieties)},
 urldate = {2025-10-27},
 volume = {60},
 year = {1954}
}

@ARTICLE{Bog1974,
	author = {{Bogomolov}, F.~A.},
	title = "{On the Decomposition of K{\"A}HLER Manifolds with Trivial Canonical Class}",
	journal = {Sbornik: Mathematics},
	year = 1974,
	month = apr,
	volume = {22},
	number = {4},
	pages = {580-583},
	doi = {10.1070/SM1974v022n04ABEH001706},
	adsurl = {https://ui.adsabs.harvard.edu/abs/1974SbMat..22..580B},
	adsnote = {Provided by the SAO/NASA Astrophysics Data System}
}

@article{Beauville1983,
	author  = {Beauville, Arnaud},
	title   = {Variétés Kähleriennes dont la première classe de Chern est nulle},
	journal = {J.~Differential Geom.},
	volume  = {18},
	number  = {4},
	pages   = {755--782},
	year    = {1983},
	doi     = {10.4310/jdg/1214438181}
}
@misc{stacks-project,
	shorthand    = {Stacks},
	author       = {The {Stacks Project Authors}},
	title        = {\textit{Stacks Project}},
	howpublished = {\url{https://stacks.math.columbia.edu}},
	year         = {2018},
}






























